@INPROCEEDINGS{ISIS_F6_Aerospace:12,
  author = {Abhishek Dubey and William Emfinger and Aniruddha Gokhale and Gabor
	Karsai and William Otte and Jeff Parsons and Csanad Szabo and Alessandro
	Coglio and Eric Smith and Prasanta Bose},
  title = {{A Software Platform for Fractionated Spacecraft}},
  booktitle = {Proceedings of the IEEE Aerospace Conference, 2012},
  year = {2012},
  pages = {1--20},
  address = {Big Sky, MT, USA},
  month = mar,
  publisher = {IEEE}
}

@ARTICLE{DREMS13Software,
author = {Tihamer Levendovszky et al.},
title = {Distributed Real-Time Managed Systems: A Model-Driven Distributed Secure Information Architecture Platform for Managed Embedded Systems},
journal ={IEEE Software},
volume = {31},
number = {2},
issn = {0740-7459},
year = {2014},
pages = {62-69},
doi = {http://doi.ieeecomputersociety.org/10.1109/MS.2013.143},
publisher = {IEEE Computer Society},
address = {Los Alamitos, CA, USA},
}

@INPROCEEDINGS{ISIS_F6_SFFMT:13,
  author = {Abhishek Dubey and Aniruddha Gokhale and Gabor Karsai and William
	Otte and Johnny Willemsen},
  title = {{A Model-Driven Software Component Framework for Fractionated Spacecraft}},
  booktitle = {Proceedings of the 5th International Conference on Spacecraft Formation
	Flying Missions and Technologies (SFFMT)},
  year = {2013},
  address = {Munich, Germany},
  month = may,
  publisher = {IEEE}
}

@INPROCEEDINGS{ISIS_F6_ISORC:13,
  author = {William R. Otte and Abhishek Dubey and Subhav Pradhan and Prithviraj
	Patil and Aniruddha Gokhale and Gabor Karsai and Johnny Willemsen},
  title = {{F6COM: A Component Model for Resource-Constrained and Dynamic Space-Based
	Computing Environment}},
  booktitle = {Proceedings of the 16th IEEE International Symposium on Object-oriented
	Real-time Distributed Computing (ISORC '13)},
  year = {2013},
  address = {Paderborn, Germany},
  month = jun
}

@BOOK{CPN,
  title = {Coloured Petri Nets - Modelling and Validation of Concurrent Systems},
  publisher = {Springer},
  year = {2009},
  author = {Kurt Jensen and Lars Michael Kristensen},
  pages = {I-XI, 1-384},
  bibsource = {DBLP, http://dblp.uni-trier.de},
  ee = {http://dx.doi.org/10.1007/b95112},
  isbn = {978-3-642-00283-0}
}

@INPROCEEDINGS{Lopez2006,
author={Lopez, P. and Medina, J.L. and Drake, J.M.},
booktitle={Software Engineering and Advanced Applications, 2006. SEAA '06. 32nd EUROMICRO Conference on},
title={Real-Time Modelling of Distributed Component-Based Applications},
year={2006},
month={Aug},
pages={92-99},
keywords={distributed processing;object-oriented programming;scheduling;software reusability;hardware module;instance-type model;modular modelling;parameterized class-type descriptor;real-time distributed component-based applications;real-time modelling;schedulability analysis;software components;software module;Analytical models;Application software;Assembly;Concrete;Context modeling;Hardware;Independent component analysis;Predictive models;Software reusability;Timing},
doi={10.1109/EUROMICRO.2006.52},
ISSN={1089-6503},}

@INPROCEEDINGS{MAST1,
    author = {M. Gonz√°lez Harbour and J. J. Gutierrez Garcia and J. C. Palencia Gutierrez and J. M. Drake Moyano},
    title = {Mast: Modeling and analysis suite for real time applications},
    booktitle = {In 13th Euromicro Conference on Real-Time Systems},
    year = {2001},
    pages = {125}
}


@INPROCEEDINGS{johnson2013,
  author = {Johnson, Kenneth and Calinescu, Radu and Kikuchi, Shinji},
  title = {An Incremental Verification Framework for Component-based Software
	Systems},
  booktitle = {Proceedings of the 16th International ACM Sigsoft Symposium on Component-based
	Software Engineering},
  year = {2013},
  series = {CBSE '13},
  pages = {33--42},
  address = {New York, NY, USA},
  publisher = {ACM},
  acmid = {2465456},
  doi = {10.1145/2465449.2465456},
  isbn = {978-1-4503-2122-8},
  keywords = {domain-specific languages, incremental verification, probabilistic
	assume-guarantee verification},
  location = {Vancouver, British Columbia, Canada},
  numpages = {10},
  url = {http://doi.acm.org/10.1145/2465449.2465456}
}

@INPROCEEDINGS{kordon2009,
  author = {Renault, X. and Kordon, F. and Hugues, J.},
  title = {Adapting Models to Model Checkers, A Case Study : Analysing AADL
	Using Time or Colored Petri Nets},
  booktitle = {Rapid System Prototyping, 2009. RSP '09. IEEE/IFIP International
	Symposium on},
  year = {2009},
  pages = {26-33},
  month = {June},
  doi = {10.1109/RSP.2009.30},
  issn = {1074-6005},
  keywords = {Petri nets;distributed processing;formal specification;formal verification;hardware
	description languages;real-time systems;AADL;behavioral invariants;colored
	Petri nets;execution patterns;high-integrity real-time systems;model
	checkers;specific verification techniques;time Petri nets;timing
	constraints;Automation;Dispatching;Formal specifications;Hardware;Model
	driven engineering;Petri nets;Prototypes;Real time systems;Telecommunications;Yarn}
}


@INPROCEEDINGS{kordon_sn,
author={Renault, X. and Kordon, F. and Hugues, J.},
booktitle={Object/Component/Service-Oriented Real-Time Distributed Computing, 2009. ISORC '09. IEEE International Symposium on},
title={From AADL Architectural Models to Petri Nets: Checking Model Viability},
year={2009},
month={March},
pages={313-320},
keywords={Petri nets;distributed processing;embedded systems;formal verification;scheduling;software architecture;AADL architectural models;Petri nets;distributed real-time embedded systems;schedulability;verification process;Buildings;Distributed computing;Petri nets;Real time systems;Runtime;Safety;System recovery;System testing;Telecommunications;Yarn;AADL component model;Formal verification of behavior;Petri Nets;distributed real-time embedded systems;generation of formal specifications},
doi={10.1109/ISORC.2009.11},
ISSN={1555-0885},}

@article{Alpern1989,
 author = {Alpern, Bowen and Schneider, Fred B.},
 title = {Verifying Temporal Properties Without Temporal Logic},
 journal = {ACM Trans. Program. Lang. Syst.},
 issue_date = {Jan. 1989},
 volume = {11},
 number = {1},
 month = jan,
 year = {1989},
 issn = {0164-0925},
 pages = {147--167},
 numpages = {21},
 url = {http://doi.acm.org/10.1145/59287.62028},
 doi = {10.1145/59287.62028},
 acmid = {62028},
 publisher = {ACM},
 address = {New York, NY, USA},
}


@MANUAL{ARINC-653,
  title = {{Document No. 653: Avionics Application Software Standard Inteface
	(Draft 15)}},
  organization = {{ARINC Incorporated}},
  address = {Annapolis, Maryland, USA},
  month = jan,
  year = {1997}
}

@ARTICLE{Murata1989,
  author = {Murata, T.},
  title = {Petri nets: Properties, analysis and applications},
  journal = {Proceedings of the IEEE},
  year = {1989},
  volume = {77},
  pages = {541-580},
  number = {4},
  month = {Apr},
  doi = {10.1109/5.24143},
  issn = {0018-9219},
  keywords = {Petri nets;logic programming;stochastic processes;Petri nets;behavioural
	properties;concurrent system model;high-level nets;logic programming;marked
	graphs;performance modeling;reachability criteria;stochastic nets;structural
	properties;subclasses;Books;Equations;History;Information processing;Logic
	programming;Mathematical model;Petri nets;Power system modeling;Stochastic
	processes;Stochastic systems}
}

@INPROCEEDINGS{CPNTools,
  author = {Ratzer, Anne Vinter and Wells, Lisa and Lassen, Henry Michael and
	Laursen, Mads and Qvortrup, Jacob Frank and Stissing, Martin Stig
	and Westergaard, Michael and Christensen, S{\o}ren and Jensen, Kurt},
  title = {CPN Tools for Editing, Simulating, and Analysing Coloured Petri Nets},
  booktitle = {Proceedings of the 24th International Conference on Applications
	and Theory of Petri Nets},
  year = {2003},
  series = {ICATPN'03},
  pages = {450--462},
  address = {Berlin, Heidelberg},
  publisher = {Springer-Verlag},
  acmid = {1760097},
  isbn = {3-540-40334-5},
  location = {Eindhoven, The Netherlands},
  numpages = {13},
  url = {http://dl.acm.org/citation.cfm?id=1760066.1760097}
}







